#Refrences for Politics 

@incollection{banks2005probabilistic,
  title={Probabilistic voting in the spatial model of elections: The theory of office-motivated candidates},
  author={Banks, Jeffrey S and Duggan, John},
  booktitle={Social Choice and Strategic Decisions: Essays in Honor of Jeffrey S. Banks},
  pages={15--56},
  year={2005},
  publisher={Springer}
}

@article{jones2022polarization,
  title={Polarization, abstention, and the median voter theorem},
  author={Jones, Matthew I and Sirianni, Antonio D and Fu, Feng},
  journal={Humanities and Social Sciences Communications},
  volume={9},
  number={1},
  pages={1--12},
  year={2022},
  publisher={Palgrave}
}

@article{yang2020us,
  title={Why are US parties so polarized? A “satisficing” dynamical model},
  author={Yang, Vicky Chuqiao and Abrams, Daniel M and Kernell, Georgia and Motter, Adilson E},
  journal={SIAM Review},
  volume={62},
  number={3},
  pages={646--657},
  year={2020},
  publisher={SIAM}
}



#Refrences for Ecology/biology



@article{borger2008there,
  title={Are there general mechanisms of animal home range behaviour? A review and prospects for future research},
  author={B{\"o}rger, Luca and Dalziel, Benjamin D and Fryxell, John M},
  journal={Ecology letters},
  volume={11},
  number={6},
  pages={637--650},
  year={2008},
  publisher={Wiley Online Library}
}

@article{efford2016density,
  title={Density-dependent home-range size revealed by spatially explicit capture--recapture},
  author={Efford, MG and Dawson, Deanna K and Jhala, YV and Qureshi, Q},
  journal={Ecography},
  volume={39},
  number={7},
  pages={676--688},
  year={2016},
  publisher={Wiley Online Library}
}

@article{fleming2017new,
  title={A new kernel density estimator for accurate home-range and species-range area estimation},
  author={Fleming, Christen H and Calabrese, Justin M},
  journal={Methods in Ecology and Evolution},
  volume={8},
  number={5},
  pages={571--579},
  year={2017},
  publisher={Wiley Online Library}
}


@article{ronce2007does,
  title={How does it feel to be like a rolling stone? Ten questions about dispersal evolution},
  author={Ronce, Oph{\'e}lie},
  journal={Annu. Rev. Ecol. Evol. Syst.},
  volume={38},
  number={1},
  pages={231--253},
  year={2007},
  publisher={Annual Reviews}
}


@article{bonte2012costs,
  title={Costs of dispersal},
  author={Bonte, Dries and Van Dyck, Hans and Bullock, James M and Coulon, Aur{\'e}lie and Delgado, Maria and Gibbs, Melanie and Lehouck, Valerie and Matthysen, Erik and Mustin, Karin and Saastamoinen, Marjo and others},
  journal={Biological reviews},
  volume={87},
  number={2},
  pages={290--312},
  year={2012},
  publisher={Wiley Online Library}
}

@article{bowler2005causes,
  title={Causes and consequences of animal dispersal strategies: relating individual behaviour to spatial dynamics},
  author={Bowler, Diana E and Benton, Tim G},
  journal={Biological reviews},
  volume={80},
  number={2},
  pages={205--225},
  year={2005},
  publisher={Cambridge University Press}
}

@article{stamps2001territorial,
  title={How territorial animals compete for divisible space: a learning-based model with unequal competitors},
  author={Stamps, Judy A and Krishnan, VV},
  journal={The American Naturalist},
  volume={157},
  number={2},
  pages={154--169},
  year={2001},
  publisher={The University of Chicago Press}
}

@article{stamps2001territorial,
  title={How territorial animals compete for divisible space: a learning-based model with unequal competitors},
  author={Stamps, Judy A and Krishnan, VV},
  journal={The American Naturalist},
  volume={157},
  number={2},
  pages={154--169},
  year={2001},
  publisher={The University of Chicago Press}
}
@article{schradin2010female,
  title={Female home range size is regulated by resource distribution and intraspecific competition: a long-term field study},
  author={Schradin, Carsten and Schmohl, Gabriela and R{\"o}del, Heiko G and Schoepf, Ivana and Treffler, Stella M and Brenner, Julian and Bleeker, Maarten and Schubert, Melanie and K{\"o}nig, Barbara and Pillay, Neville},
  journal={Animal Behaviour},
  volume={79},
  number={1},
  pages={195--203},
  year={2010},
  publisher={Elsevier}
}

@article{waser1985does,
  title={Does competition drive dispersal?},
  author={Waser, Peter M},
  journal={Ecology},
  volume={66},
  number={4},
  pages={1170--1175},
  year={1985},
  publisher={Wiley Online Library}
}


@article{hixon1980food,
  title={Food production and competitor density as the determinants of feeding territory size},
  author={Hixon, Mark A},
  journal={The American Naturalist},
  volume={115},
  number={4},
  pages={510--530},
  year={1980},
  publisher={University of Chicago Press}
}

@article{doebeli2010complexity,
  title={Complexity and diversity},
  author={Doebeli, Michael and Ispolatov, Iaroslav},
  journal={Science},
  volume={328},
  number={5977},
  pages={494--497},
  year={2010},
  publisher={American Association for the Advancement of Science}
}

@article{finke2008niche,
  title={Niche partitioning increases resource exploitation by diverse communities},
  author={Finke, Deborah L and Snyder, William E},
  journal={Science},
  volume={321},
  number={5895},
  pages={1488--1490},
  year={2008},
  publisher={American Association for the Advancement of Science}
}

@article{worton1989kernel,
  title={Kernel methods for estimating the utilization distribution in home-range studies},
  author={Worton, Brian J},
  journal={Ecology},
  volume={70},
  number={1},
  pages={164--168},
  year={1989},
  publisher={Wiley Online Library}
}

@article{dobrev2001dynamics,
  title={Dynamics of niche width and resource partitioning},
  author={Dobrev, Stanislav D and Kim, Tai-Young and Hannan, Michael T},
  journal={American journal of sociology},
  volume={106},
  number={5},
  pages={1299--1337},
  year={2001},
  publisher={The University of Chicago Press}
}

@article{mcpeek2022character,
  title={Character displacement when natural selection pushes in only one direction},
  author={McPeek, Mark A and McPeek, Sarah J and Fu, Feng},
  journal={Ecological Monographs},
  volume={92},
  number={4},
  pages={e1547},
  year={2022},
  publisher={Wiley Online Library}
}



#Refrences for Math
@article{reny2016nash,
  title={Nash equilibrium in discontinuous games},
  author={Reny, Philip J},
  journal={Economic Theory},
  volume={61},
  pages={553--569},
  year={2016},
  publisher={Springer}
}

@article{reny2020nash,
  title={Nash equilibrium in discontinuous games},
  author={Reny, Philip J},
  journal={Annual Review of Economics},
  volume={12},
  number={1},
  pages={439--470},
  year={2020},
  publisher={Annual Reviews}
}


@article{dasgupta2019harvesting,
  title={Harvesting the commons},
  author={Dasgupta, Partha and Mitra, Tapan and Sorger, Gerhard},
  journal={Environmental and Resource Economics},
  volume={72},
  pages={613--636},
  year={2019},
  publisher={Springer}
}

@article{noailly2007spatial,
  title={Spatial evolution of social norms in a common-pool resource game},
  author={Noailly, Jo{\"e}lle and Withagen, Cees A and Van den Bergh, Jeroen CJM},
  journal={Environmental and Resource Economics},
  volume={36},
  pages={113--141},
  year={2007},
  publisher={Springer}
}

@article{sun2020co,
  title={Co-evolution of limited resources in the memory-based spatial evolutionary game},
  author={Sun, Chengbin and Luo, Chao},
  journal={Chaos, Solitons \& Fractals},
  volume={131},
  pages={109504},
  year={2020},
  publisher={Elsevier}
}


@article{duggan2007equilibrium,
  title={Equilibrium existence for zero-sum games and spatial models of elections},
  author={Duggan, John},
  journal={Games and Economic Behavior},
  volume={60},
  number={1},
  pages={52--74},
  year={2007},
  publisher={Elsevier}
}


@article{sothanaphan2017determinants,
  title={Determinants of block matrices with noncommuting blocks},
  author={Sothanaphan, Nat},
  journal={Linear Algebra and its Applications},
  volume={512},
  pages={202--218},
  year={2017},
  publisher={Elsevier}
}



@article{li2022pure,
  title={Pure strategy Nash Equilibrium in 2-contestant generalized lottery Colonel Blotto games},
  author={Li, Xinmi and Zheng, Jie},
  journal={Journal of Mathematical Economics},
  volume={103},
  pages={102771},
  year={2022},
  publisher={Elsevier}
}

#Other refrences 
@inproceedings{kasbekar2009hierarchical,
  title={A hierarchical spatial game over licenced resources},
  author={Kasbekar, Gaurav S and Altman, Eitan and Sarkar, Saswati},
  booktitle={2009 International Conference on Game Theory for Networks},
  pages={70--79},
  year={2009},
  organization={IEEE}
}


@article{lee2018advertising,
  title={Advertising content and consumer engagement on social media: Evidence from Facebook},
  author={Lee, Dokyun and Hosanagar, Kartik and Nair, Harikesh S},
  journal={Management science},
  volume={64},
  number={11},
  pages={5105--5131},
  year={2018},
  publisher={INFORMS}
}

@article{huang2021strategic,
  title={A strategic framework for artificial intelligence in marketing},
  author={Huang, Ming-Hui and Rust, Roland T},
  journal={Journal of the Academy of Marketing Science},
  volume={49},
  pages={30--50},
  year={2021},
  publisher={Springer}
}


